<?xml version='1.0'?>
<collection xmlns='http://www.loc.gov/MARC21/slim' xmlns:xsi='http://www.w3.org/2001/XMLSchema-instance' xsi:schemaLocation='http://www.loc.gov/MARC21/slim http://www.loc.gov/standards/marcxml/schema/MARC21slim.xsd'>
  <record>
    <leader>00000cam a2200253Li 4500</leader>
    <controlfield tag='007'>hgraob---bzcu</controlfield>
    <controlfield tag='008'>841221s1814    pau     c     000 0 eng d</controlfield>
    <controlfield tag='001'>15454290</controlfield>
    <controlfield tag='005'>19960618132912.0</controlfield>
    <datafield ind1=' ' ind2=' ' tag='040'>
      <subfield code='a'>STF</subfield>
      <subfield code='c'>STF</subfield>
    </datafield>
    <datafield ind1='1' ind2=' ' tag='100'>
      <subfield code='a'>Robinson, John,</subfield>
      <subfield code='d'>1774-1840.</subfield>
    </datafield>
    <datafield ind1='1' ind2='3' tag='245'>
      <subfield code='a'>An easy grammar of history, ancient and modern</subfield>
      <subfield code='h'>[microform] :</subfield>
      <subfield code='b'>containing a brief expression of the leading facts in history ... /</subfield>
      <subfield code='c'>by John Robinson ; considerably enlarged and improved by Benjamin Davies.</subfield>
    </datafield>
    <datafield ind1=' ' ind2=' ' tag='260'>
      <subfield code='a'>Philadelphia :</subfield>
      <subfield code='b'>Bennett &amp; Walton,</subfield>
      <subfield code='c'>1814</subfield>
      <subfield code='e'>([Philadelphia] :</subfield>
      <subfield code='f'>J. Rakestraw)</subfield>
    </datafield>
    <datafield ind1=' ' ind2=' ' tag='300'>
      <subfield code='a'>180 p.</subfield>
    </datafield>
    <datafield ind1='4' ind2=' ' tag='510'>
      <subfield code='a'>Shaw &amp; Shoemaker,</subfield>
      <subfield code='c'>32664.</subfield>
    </datafield>
    <datafield ind1=' ' ind2=' ' tag='533'>
      <subfield code='a'>Microopaque.</subfield>
      <subfield code='b'>New York, N.Y. :</subfield>
      <subfield code='c'>Readex Microprint, courtesy of American Antiquarian Society,</subfield>
      <subfield code='d'>1975.</subfield>
      <subfield code='e'>2 microopaques ; 23 x 15 cm.</subfield>
      <subfield code='f'>(Early American imprints.  Second series ; no. 32664). Photographed from imperfect copy: p. 69-70 mutilated.</subfield>
    </datafield>
    <datafield ind1=' ' ind2=' ' tag='539'>
      <subfield code='a'>s</subfield>
      <subfield code='b'>1975</subfield>
      <subfield code='d'>pau</subfield>
      <subfield code='e'>n</subfield>
    </datafield>
    <datafield ind1=' ' ind2='0' tag='650'>
      <subfield code='a'>World history.</subfield>
    </datafield>
    <datafield ind1='1' ind2=' ' tag='700'>
      <subfield code='a'>Davies, Benjamin.</subfield>
    </datafield>
    <datafield ind1=' ' ind2=' ' tag='752'>
      <subfield code='a'>United States</subfield>
      <subfield code='b'>Pennsylvania</subfield>
      <subfield code='d'>Philadelphia.</subfield>
    </datafield>
    <datafield ind1=' ' ind2='0' tag='830'>
      <subfield code='a'>Early American imprints.</subfield>
      <subfield code='n'>Second series ;</subfield>
      <subfield code='v'>no. 32664.</subfield>
    </datafield>
    <datafield ind1=' ' ind2=' ' tag='907'>
      <subfield code='a'>b2878474</subfield>
    </datafield>
    <datafield ind1='9' ind2='1' tag='999'>
      <subfield code='i'>i4116584</subfield>
      <subfield code='l'>dgdaf</subfield>
      <subfield code='s'>-</subfield>
      <subfield code='t'>26</subfield>
      <subfield code='c'>1</subfield>
      <subfield code='o'>0</subfield>
      <subfield code='b'>HATG-8299-00001</subfield>
      <subfield code='p'>099</subfield>
      <subfield code='q'>|a1-3 no. 32664.</subfield>
    </datafield>
  </record>