
  <record>
    <leader>00000cam  2200373Ia 4500</leader>
    <controlfield tag='006'>m        d</controlfield>
    <controlfield tag='008'>960923r19951891inu     s     000 0 eng d</controlfield>
    <controlfield tag='007'>cr bnu||||||||</controlfield>
    <controlfield tag='001'>35619500</controlfield>
    <controlfield tag='003'>OCoLC</controlfield>
    <controlfield tag='005'>20090113124134.0</controlfield>
    <datafield ind1=' ' ind2=' ' tag='035'>
      <subfield code='a'>(OCoLC)35619500</subfield>
    </datafield>
    <datafield ind1=' ' ind2=' ' tag='040'>
      <subfield code='a'>IUL</subfield>
      <subfield code='c'>IUL</subfield>
      <subfield code='d'>OCL</subfield>
      <subfield code='d'>OCLCQ</subfield>
      <subfield code='d'>OCLCG</subfield>
      <subfield code='d'>NOC</subfield>
    </datafield>
    <datafield ind1=' ' ind2=' ' tag='049'>
      <subfield code='a'>NOCC</subfield>
    </datafield>
    <datafield ind1=' ' ind2='4' tag='050'>
      <subfield code='a'>PR4149.B55</subfield>
      <subfield code='b'>D7eb</subfield>
    </datafield>
    <datafield ind1='1' ind2=' ' tag='100'>
      <subfield code='a'>Blind, Mathilde,</subfield>
      <subfield code='d'>1841-1896.</subfield>
    </datafield>
    <datafield ind1='1' ind2='0' tag='245'>
      <subfield code='a'>Dramas in miniature (1891)</subfield>
      <subfield code='h'>[electronic resource] :</subfield>
      <subfield code='b'>a machine-readable transcription /</subfield>
      <subfield code='c'>Mathilde Blind ; transcribed and encoded by Robert Chavez ; edited by Perry Willett.</subfield>
    </datafield>
    <datafield ind1=' ' ind2=' ' tag='256'>
      <subfield code='a'>Electronic data.</subfield>
    </datafield>
    <datafield ind1=' ' ind2=' ' tag='260'>
      <subfield code='a'>Bloomington, IN :</subfield>
      <subfield code='b'>LETRS, Indiana University,</subfield>
      <subfield code='c'>1995.</subfield>
    </datafield>
    <datafield ind1=' ' ind2=' ' tag='500'>
      <subfield code='a'>&quot;TEI formatted filesize uncompressed: approx. 124 kbytes.&quot;</subfield>
    </datafield>
    <datafield ind1='0' ind2=' ' tag='505'>
      <subfield code='a'>Dramas In Miniature -- Lyrics.</subfield>
    </datafield>
    <datafield ind1='1' ind2=' ' tag='506'>
      <subfield code='a'>Access limited to UNC Chapel Hill-authenticated users.</subfield>
      <subfield code='f'>Unlimited simultaneous users</subfield>
    </datafield>
    <datafield ind1=' ' ind2=' ' tag='520'>
      <subfield code='a'>Collection of poetry.</subfield>
    </datafield>
    <datafield ind1=' ' ind2=' ' tag='534'>
      <subfield code='p'>Electronic text of:</subfield>
      <subfield code='a'>Blind, Mathilde, 1841-1896.</subfield>
      <subfield code='t'>Dramas in miniature / by Mathilde Blind.</subfield>
      <subfield code='c'>London : Chatto &amp; Windus, 1891.</subfield>
    </datafield>
    <datafield ind1=' ' ind2=' ' tag='538'>
      <subfield code='a'>System requirements: World Wide Web access.</subfield>
    </datafield>
    <datafield ind1=' ' ind2=' ' tag='538'>
      <subfield code='a'>Mode of access: World Wide Web.</subfield>
    </datafield>
    <datafield ind1='1' ind2=' ' tag='700'>
      <subfield code='a'>Willett, Perry,</subfield>
      <subfield code='d'>1959-</subfield>
    </datafield>
    <datafield ind1='1' ind2=' ' tag='700'>
      <subfield code='a'>Chavez, Robert.</subfield>
    </datafield>
    <datafield ind1='0' ind2=' ' tag='773'>
      <subfield code='t'>Victorian women writers project (online collection)</subfield>
    </datafield>
    <datafield ind1='4' ind2='0' tag='856'>
      <subfield code='u'>http://purl.oclc.org/NET/oluc/35619500/1</subfield>
      <subfield code='y'>Full text available via UNC-Chapel Hill Libraries</subfield>
      <subfield code='x'>VWWP electronic book</subfield>
    </datafield>
    <datafield ind1=' ' ind2=' ' tag='907'>
      <subfield code='a'>b5807024</subfield>
    </datafield>
  </record>