
  <record>
    <leader>00000cam a2200541Ia 4500</leader>
    <controlfield tag='008'>761216s1933    fr            000 j fre d</controlfield>
    <controlfield tag='001'>2626748</controlfield>
    <controlfield tag='003'>OCoLC</controlfield>
    <controlfield tag='005'>20110713021240.0</controlfield>
    <datafield ind1=' ' ind2=' ' tag='035'>
      <subfield code='a'>(OCoLC)2626748</subfield>
    </datafield>
    <datafield ind1=' ' ind2=' ' tag='040'>
      <subfield code='a'>MDY</subfield>
      <subfield code='c'>MDY</subfield>
      <subfield code='d'>OCLCG</subfield>
      <subfield code='d'>STF</subfield>
      <subfield code='d'>NOC</subfield>
    </datafield>
    <datafield ind1=' ' ind2=' ' tag='049'>
      <subfield code='a'>OFD0</subfield>
    </datafield>
    <datafield ind1=' ' ind2='4' tag='050'>
      <subfield code='a'>PQ1276.M33</subfield>
      <subfield code='b'>I53 1933</subfield>
    </datafield>
    <datafield ind1='0' ind2='4' tag='245'>
      <subfield code='a'>Les Incarnations de Madame Bovary /</subfield>
      <subfield code='c'>d&apos;après Odette Pannetier, Francis Carco, G. de la Fouchardière, J. De Lacretelle, J. Sennep.</subfield>
    </datafield>
    <datafield ind1=' ' ind2=' ' tag='260'>
      <subfield code='a'>Paris :</subfield>
      <subfield code='b'>Roger Dacosta, pour le Laboratoire de l&apos;Hépatrol,</subfield>
      <subfield code='c'>[1933]</subfield>
    </datafield>
    <datafield ind1=' ' ind2=' ' tag='300'>
      <subfield code='a'>80, [3] p. :</subfield>
      <subfield code='b'>col. ill. ;</subfield>
      <subfield code='c'>24 cm.</subfield>
    </datafield>
    <datafield ind1=' ' ind2=' ' tag='500'>
      <subfield code='a'>Title in green and black; green line border around text; half-title.</subfield>
    </datafield>
    <datafield ind1=' ' ind2=' ' tag='500'>
      <subfield code='a'>&quot;Achevé d&apos;imprimer pour le Laboratoire de l&apos;Hépatrol le 20 Mai 1933, par les soins de Roger Dacosta, éditeur, 22, rue de Marignan à Paris&quot;--Printing statement at end of text.</subfield>
    </datafield>
    <datafield ind1='0' ind2=' ' tag='505'>
      <subfield code='a'>Mme. Bovary, ou, Le sexe-appeal en Province, par G. de la Fouchardière--Un drame de la vie provinciale, par Odette Pannetier--Miss Normandie, par J. Sennep--Une arrière-petite-cousine de Mme. Bovary, par Francis Carco--Emmeline, ou L&apos;autre Bovary, par J. de Lacretelle.</subfield>
    </datafield>
    <datafield ind1='1' ind2='0' tag='600'>
      <subfield code='a'>Flaubert, Gustave,</subfield>
      <subfield code='d'>1821-1880.</subfield>
      <subfield code='t'>Madame Bovary.</subfield>
    </datafield>
    <datafield ind1='1' ind2='0' tag='600'>
      <subfield code='a'>Flaubert, Gustave,</subfield>
      <subfield code='d'>1821-1880</subfield>
      <subfield code='v'>Parodies, imitations, etc.</subfield>
    </datafield>
    <datafield ind1=' ' ind2='7' tag='655'>
      <subfield code='a'>Authors&apos; inscriptions (Provenance)</subfield>
      <subfield code='z'>France</subfield>
      <subfield code='z'>Paris</subfield>
      <subfield code='y'>20th century.</subfield>
      <subfield code='2'>rbprov</subfield>
      <subfield code='5'>NcU</subfield>
    </datafield>
    <datafield ind1=' ' ind2='7' tag='655'>
      <subfield code='a'>Publishers&apos; paper bindings (Binding)</subfield>
      <subfield code='z'>France</subfield>
      <subfield code='z'>Paris</subfield>
      <subfield code='y'>20th century.</subfield>
      <subfield code='2'>rbbin</subfield>
    </datafield>
    <datafield ind1='1' ind2=' ' tag='700'>
      <subfield code='a'>Carco, Francis,</subfield>
      <subfield code='d'>1886-1958.</subfield>
      <subfield code='4'>ctb</subfield>
    </datafield>
    <datafield ind1='1' ind2=' ' tag='700'>
      <subfield code='a'>Carco, Francis,</subfield>
      <subfield code='d'>1886-1958.</subfield>
      <subfield code='t'>Arrière-petite-cousine de Madame Bovary.</subfield>
    </datafield>
    <datafield ind1='1' ind2=' ' tag='700'>
      <subfield code='a'>Dacosta, Roger.</subfield>
      <subfield code='4'>edt</subfield>
    </datafield>
    <datafield ind1='1' ind2=' ' tag='700'>
      <subfield code='a'>Gallard, A.</subfield>
      <subfield code='4'>ill</subfield>
    </datafield>
    <datafield ind1='1' ind2=' ' tag='700'>
      <subfield code='a'>Hémard, Joseph,</subfield>
      <subfield code='d'>1880-1961.</subfield>
      <subfield code='4'>ill</subfield>
    </datafield>
    <datafield ind1='1' ind2=' ' tag='700'>
      <subfield code='a'>Hamon, Hellé.</subfield>
      <subfield code='4'>ill</subfield>
    </datafield>
    <datafield ind1='1' ind2=' ' tag='700'>
      <subfield code='a'>Lacretelle, Jacques de,</subfield>
      <subfield code='d'>1888-1985.</subfield>
      <subfield code='4'>ctb</subfield>
    </datafield>
    <datafield ind1='1' ind2=' ' tag='700'>
      <subfield code='a'>La Fouchardiere, Georges de,</subfield>
      <subfield code='d'>1874-1946.</subfield>
      <subfield code='4'>ctb</subfield>
    </datafield>
    <datafield ind1='1' ind2=' ' tag='700'>
      <subfield code='a'>Pannetier, Odette.</subfield>
      <subfield code='4'>ctb</subfield>
    </datafield>
    <datafield ind1='1' ind2=' ' tag='700'>
      <subfield code='a'>Roubille, Jacques.</subfield>
      <subfield code='4'>ill</subfield>
    </datafield>
    <datafield ind1='1' ind2=' ' tag='700'>
      <subfield code='a'>Sennep, Jean,</subfield>
      <subfield code='d'>1894-1982.</subfield>
      <subfield code='4'>ctb</subfield>
    </datafield>
    <datafield ind1='0' ind2=' ' tag='740'>
      <subfield code='a'>Francis Carco Collection.</subfield>
    </datafield>
    <datafield ind1='2' ind2=' ' tag='791'>
      <subfield code='a'>Hanes Family Library Fund.</subfield>
    </datafield>
    <datafield ind1=' ' ind2=' ' tag='919'>
      <subfield code='a'>590 touched / wkg</subfield>
    </datafield>
    <datafield ind1=' ' ind2=' ' tag='907'>
      <subfield code='a'>b6788640</subfield>
    </datafield>
    <datafield ind1='9' ind2='1' tag='999'>
      <subfield code='i'>i9095905</subfield>
      <subfield code='l'>wcbb</subfield>
      <subfield code='s'>o</subfield>
      <subfield code='t'>0</subfield>
      <subfield code='c'>1</subfield>
      <subfield code='o'>0</subfield>
      <subfield code='b'>00033599133</subfield>
      <subfield code='p'>050</subfield>
      <subfield code='q'>|aPQ1276.M33|bI53 1933</subfield>
      <subfield code='n'>Bound in publisher&apos;s original stiff paper wrappers with vignette in black and printing in green on front cover; in protective glassine wrapper, as issued;  imperfect copy: p. 33-48, &quot;Miss Normandie&quot; by Jean Sennep wanting; 17 gatherings, printed on Japanese vellum, laid-in publisher&apos;s wrapper; signed at table of contents by all authors.</subfield>
    </datafield>
  </record>