
  <record>
    <leader>00000cas  2200709 a 4500</leader>
    <controlfield tag='008'>771214c19779999caumn p   o   0   a0eng d</controlfield>
    <controlfield tag='001'>3489884</controlfield>
    <controlfield tag='003'>OCoLC</controlfield>
    <controlfield tag='005'>20091027070346.0</controlfield>
    <datafield ind1=' ' ind2=' ' tag='010'>
      <subfield code='a'>87642851</subfield>
      <subfield code='z'>sc 78000279</subfield>
    </datafield>
    <datafield ind1='0' ind2=' ' tag='022'>
      <subfield code='a'>0149-4244</subfield>
      <subfield code='2'>1</subfield>
    </datafield>
    <datafield ind1=' ' ind2=' ' tag='035'>
      <subfield code='a'>(OCoLC)3489884</subfield>
    </datafield>
    <datafield ind1=' ' ind2=' ' tag='037'>
      <subfield code='b'>New Oxford Review Inc., 1069 Kains Ave., Berkeley, CA 94706</subfield>
    </datafield>
    <datafield ind1=' ' ind2=' ' tag='040'>
      <subfield code='a'>NSD</subfield>
      <subfield code='c'>NSD</subfield>
      <subfield code='d'>DLC</subfield>
      <subfield code='d'>NSD</subfield>
      <subfield code='d'>OCL</subfield>
      <subfield code='d'>NSD</subfield>
      <subfield code='d'>DLC</subfield>
      <subfield code='d'>NST</subfield>
      <subfield code='d'>NSD</subfield>
      <subfield code='d'>NST</subfield>
      <subfield code='d'>DLC</subfield>
      <subfield code='d'>NST</subfield>
      <subfield code='d'>DLC</subfield>
      <subfield code='d'>NST</subfield>
      <subfield code='d'>IUL</subfield>
      <subfield code='d'>SYS</subfield>
      <subfield code='d'>OCLCQ</subfield>
      <subfield code='d'>DLC</subfield>
      <subfield code='d'>CUS</subfield>
      <subfield code='d'>CUI</subfield>
      <subfield code='d'>NOC</subfield>
    </datafield>
    <datafield ind1=' ' ind2=' ' tag='042'>
      <subfield code='a'>nsdp</subfield>
      <subfield code='a'>lc</subfield>
    </datafield>
    <datafield ind1=' ' ind2=' ' tag='049'>
      <subfield code='a'>NOCC</subfield>
    </datafield>
    <datafield ind1='0' ind2='0' tag='050'>
      <subfield code='a'>BR1</subfield>
      <subfield code='b'>.N66</subfield>
    </datafield>
    <datafield ind1='1' ind2='4' tag='050'>
      <subfield code='a'>BX5800 N48</subfield>
    </datafield>
    <datafield ind1='0' ind2=' ' tag='210'>
      <subfield code='a'>New Oxford rev.</subfield>
    </datafield>
    <datafield ind1=' ' ind2='0' tag='222'>
      <subfield code='a'>New Oxford review</subfield>
    </datafield>
    <datafield ind1='0' ind2='0' tag='245'>
      <subfield code='a'>New Oxford review</subfield>
      <subfield code='h'>[serial].</subfield>
    </datafield>
    <datafield ind1=' ' ind2=' ' tag='260'>
      <subfield code='a'>[Oakland, Calif. :</subfield>
      <subfield code='b'>American Church Union,</subfield>
      <subfield code='c'>c1977-</subfield>
    </datafield>
    <datafield ind1=' ' ind2=' ' tag='300'>
      <subfield code='a'>v. :</subfield>
      <subfield code='b'>ill. ;</subfield>
      <subfield code='c'>27-28 cm.</subfield>
    </datafield>
    <datafield ind1=' ' ind2=' ' tag='310'>
      <subfield code='a'>Monthly (except combined July/Aug.),</subfield>
      <subfield code='b'>&lt;2004-&gt;</subfield>
    </datafield>
    <datafield ind1=' ' ind2=' ' tag='321'>
      <subfield code='a'>Monthly (except combined Jan./Feb. and July/Aug.),</subfield>
      <subfield code='b'>1979-</subfield>
    </datafield>
    <datafield ind1=' ' ind2=' ' tag='321'>
      <subfield code='a'>Monthly (except July and Aug.),</subfield>
      <subfield code='b'>1977-1979</subfield>
    </datafield>
    <datafield ind1='0' ind2=' ' tag='362'>
      <subfield code='a'>Vol. 44, no. 2 (Feb. 1977)-</subfield>
    </datafield>
    <datafield ind1=' ' ind2=' ' tag='500'>
      <subfield code='a'>Published: Berkeley, CA : New Oxford Review Inc., &lt;1990-&gt;</subfield>
    </datafield>
    <datafield ind1=' ' ind2=' ' tag='500'>
      <subfield code='a'>Latest issue consulted: Vol. 57, no. 10 (Dec. 1990).</subfield>
    </datafield>
    <datafield ind1=' ' ind2=' ' tag='530'>
      <subfield code='a'>Issued also in microfilm from University Microfilms.</subfield>
    </datafield>
    <datafield ind1=' ' ind2=' ' tag='550'>
      <subfield code='a'>Official publication of the American Church Union, 1977-&lt;Nov. 1985&gt;</subfield>
    </datafield>
    <datafield ind1='2' ind2='0' tag='610'>
      <subfield code='a'>Catholic Church</subfield>
      <subfield code='v'>Periodicals.</subfield>
    </datafield>
    <datafield ind1=' ' ind2='0' tag='650'>
      <subfield code='a'>Theology</subfield>
      <subfield code='v'>Periodicals.</subfield>
    </datafield>
    <datafield ind1=' ' ind2='0' tag='650'>
      <subfield code='a'>Church and social problems</subfield>
      <subfield code='v'>Periodicals.</subfield>
    </datafield>
    <datafield ind1='2' ind2=' ' tag='710'>
      <subfield code='a'>American Church Union.</subfield>
    </datafield>
    <datafield ind1='0' ind2='8' tag='776'>
      <subfield code='i'>Online version:</subfield>
      <subfield code='t'>New Oxford review (Online)</subfield>
      <subfield code='w'>(OCoLC)45309761</subfield>
    </datafield>
    <datafield ind1='0' ind2='0' tag='780'>
      <subfield code='t'>American church news</subfield>
      <subfield code='w'>(OCoLC)1780751</subfield>
    </datafield>
    <datafield ind1=' ' ind2=' ' tag='907'>
      <subfield code='a'>b1500183</subfield>
    </datafield>
    <datafield ind1='9' ind2='1' tag='999'>
      <subfield code='i'>i2108570</subfield>
      <subfield code='l'>trln</subfield>
      <subfield code='s'>-</subfield>
      <subfield code='t'>0</subfield>
      <subfield code='c'>1</subfield>
      <subfield code='o'>0</subfield>
      <subfield code='b'>00035767410</subfield>
      <subfield code='p'>090</subfield>
      <subfield code='q'>|aBX5800 .N4</subfield>
      <subfield code='v'>v.60(1993)</subfield>
      <subfield code='n'>damaged, some contents lost</subfield>
    </datafield>
    <datafield ind1='9' ind2='1' tag='999'>
      <subfield code='i'>i2108569</subfield>
      <subfield code='l'>trln</subfield>
      <subfield code='s'>-</subfield>
      <subfield code='t'>3</subfield>
      <subfield code='c'>1</subfield>
      <subfield code='o'>0</subfield>
      <subfield code='b'>00035767839</subfield>
      <subfield code='p'>090</subfield>
      <subfield code='q'>|aBX5800 .N4</subfield>
      <subfield code='v'>v.44-45(1977-1978)</subfield>
    </datafield>
    <datafield ind1='9' ind2='1' tag='999'>
      <subfield code='i'>i7893635</subfield>
      <subfield code='l'>trln</subfield>
      <subfield code='s'>-</subfield>
      <subfield code='t'>3</subfield>
      <subfield code='c'>1</subfield>
      <subfield code='o'>0</subfield>
      <subfield code='b'>00035767429</subfield>
      <subfield code='p'>090</subfield>
      <subfield code='q'>|aBX5800|b.N4</subfield>
      <subfield code='v'>v.46-47(1979-1980)</subfield>
    </datafield>
    <datafield ind1='9' ind2='1' tag='999'>
      <subfield code='i'>i7893636</subfield>
      <subfield code='l'>trln</subfield>
      <subfield code='s'>-</subfield>
      <subfield code='t'>3</subfield>
      <subfield code='c'>1</subfield>
      <subfield code='o'>0</subfield>
      <subfield code='b'>00035767438</subfield>
      <subfield code='p'>090</subfield>
      <subfield code='q'>|aBX5800|b.N4</subfield>
      <subfield code='v'>v.48-49(1981-1982)</subfield>
    </datafield>
    <datafield ind1='9' ind2='1' tag='999'>
      <subfield code='i'>i7893637</subfield>
      <subfield code='l'>trln</subfield>
      <subfield code='s'>-</subfield>
      <subfield code='t'>3</subfield>
      <subfield code='c'>1</subfield>
      <subfield code='o'>0</subfield>
      <subfield code='b'>00035767447</subfield>
      <subfield code='p'>090</subfield>
      <subfield code='q'>|aBX5800|b.N4</subfield>
      <subfield code='v'>v.50-51(1983-1984)</subfield>
    </datafield>
    <datafield ind1='9' ind2='1' tag='999'>
      <subfield code='i'>i7893638</subfield>
      <subfield code='l'>trln</subfield>
      <subfield code='s'>-</subfield>
      <subfield code='t'>3</subfield>
      <subfield code='c'>1</subfield>
      <subfield code='o'>0</subfield>
      <subfield code='b'>00035767456</subfield>
      <subfield code='p'>090</subfield>
      <subfield code='q'>|aBX5800|b.N4</subfield>
      <subfield code='v'>v.52-53(1985-1986)</subfield>
    </datafield>
    <datafield ind1='9' ind2='1' tag='999'>
      <subfield code='i'>i7893639</subfield>
      <subfield code='l'>trln</subfield>
      <subfield code='s'>-</subfield>
      <subfield code='t'>3</subfield>
      <subfield code='c'>1</subfield>
      <subfield code='o'>0</subfield>
      <subfield code='b'>00035767465</subfield>
      <subfield code='p'>090</subfield>
      <subfield code='q'>|aBX5800|b.N4</subfield>
      <subfield code='v'>v.54-55(1987-1988)</subfield>
    </datafield>
    <datafield ind1='9' ind2='1' tag='999'>
      <subfield code='i'>i7893640</subfield>
      <subfield code='l'>trln</subfield>
      <subfield code='s'>-</subfield>
      <subfield code='t'>3</subfield>
      <subfield code='c'>1</subfield>
      <subfield code='o'>0</subfield>
      <subfield code='b'>00035767474</subfield>
      <subfield code='p'>090</subfield>
      <subfield code='q'>|aBX5800|b.N4</subfield>
      <subfield code='v'>v.56-57(1989-1990)</subfield>
    </datafield>
    <datafield ind1='9' ind2='1' tag='999'>
      <subfield code='i'>i7893641</subfield>
      <subfield code='l'>trln</subfield>
      <subfield code='s'>-</subfield>
      <subfield code='t'>3</subfield>
      <subfield code='c'>1</subfield>
      <subfield code='o'>0</subfield>
      <subfield code='b'>00035767483</subfield>
      <subfield code='p'>090</subfield>
      <subfield code='q'>|aBX5800|b.N4</subfield>
      <subfield code='v'>v.58(1991)</subfield>
    </datafield>
    <datafield ind1='9' ind2='1' tag='999'>
      <subfield code='i'>i7893642</subfield>
      <subfield code='l'>trln</subfield>
      <subfield code='s'>-</subfield>
      <subfield code='t'>3</subfield>
      <subfield code='c'>1</subfield>
      <subfield code='o'>0</subfield>
      <subfield code='b'>00035767492</subfield>
      <subfield code='p'>090</subfield>
      <subfield code='q'>|aBX5800|b.N4</subfield>
      <subfield code='v'>v.59(1992)</subfield>
    </datafield>
    <datafield ind1='9' ind2='1' tag='999'>
      <subfield code='i'>i7893643</subfield>
      <subfield code='l'>trln</subfield>
      <subfield code='s'>-</subfield>
      <subfield code='t'>3</subfield>
      <subfield code='c'>1</subfield>
      <subfield code='o'>0</subfield>
      <subfield code='b'>00035767508</subfield>
      <subfield code='p'>090</subfield>
      <subfield code='q'>|aBX5800|b.N4</subfield>
      <subfield code='v'>v.61(1994)</subfield>
    </datafield>
    <datafield ind1='9' ind2='1' tag='999'>
      <subfield code='i'>i7893644</subfield>
      <subfield code='l'>trln</subfield>
      <subfield code='s'>-</subfield>
      <subfield code='t'>3</subfield>
      <subfield code='c'>1</subfield>
      <subfield code='o'>0</subfield>
      <subfield code='b'>00035767517</subfield>
      <subfield code='p'>090</subfield>
      <subfield code='q'>|aBX5800|b.N4</subfield>
      <subfield code='v'>v.62(1995)</subfield>
    </datafield>
    <datafield ind1='9' ind2='1' tag='999'>
      <subfield code='i'>i7893645</subfield>
      <subfield code='l'>trln</subfield>
      <subfield code='s'>-</subfield>
      <subfield code='t'>3</subfield>
      <subfield code='c'>1</subfield>
      <subfield code='o'>0</subfield>
      <subfield code='b'>00035767526</subfield>
      <subfield code='p'>090</subfield>
      <subfield code='q'>|aBX5800|b.N4</subfield>
      <subfield code='v'>v.63(1996)</subfield>
    </datafield>
    <datafield ind1='9' ind2='1' tag='999'>
      <subfield code='i'>i7893646</subfield>
      <subfield code='l'>trln</subfield>
      <subfield code='s'>-</subfield>
      <subfield code='t'>3</subfield>
      <subfield code='c'>1</subfield>
      <subfield code='o'>0</subfield>
      <subfield code='b'>00035767642</subfield>
      <subfield code='p'>090</subfield>
      <subfield code='q'>|aBX5800|b.N4</subfield>
      <subfield code='v'>v.64(1997)</subfield>
    </datafield>
    <datafield ind1='9' ind2='1' tag='999'>
      <subfield code='i'>i7893647</subfield>
      <subfield code='l'>trln</subfield>
      <subfield code='s'>-</subfield>
      <subfield code='t'>3</subfield>
      <subfield code='c'>1</subfield>
      <subfield code='o'>0</subfield>
      <subfield code='b'>00035767633</subfield>
      <subfield code='p'>090</subfield>
      <subfield code='q'>|aBX5800|b.N4</subfield>
      <subfield code='v'>v.65(1998)</subfield>
    </datafield>
    <datafield ind1='9' ind2='1' tag='999'>
      <subfield code='i'>i7893648</subfield>
      <subfield code='l'>trln</subfield>
      <subfield code='s'>-</subfield>
      <subfield code='t'>3</subfield>
      <subfield code='c'>1</subfield>
      <subfield code='o'>0</subfield>
      <subfield code='b'>00035767624</subfield>
      <subfield code='p'>090</subfield>
      <subfield code='q'>|aBX5800|b.N4</subfield>
      <subfield code='v'>v.66:no.1-8(Jan.-Sept.1999)</subfield>
    </datafield>
    <datafield ind1='9' ind2='1' tag='999'>
      <subfield code='i'>i7893649</subfield>
      <subfield code='l'>trln</subfield>
      <subfield code='s'>-</subfield>
      <subfield code='t'>3</subfield>
      <subfield code='c'>1</subfield>
      <subfield code='o'>0</subfield>
      <subfield code='b'>00035767615</subfield>
      <subfield code='p'>090</subfield>
      <subfield code='q'>|aBX5800|b.N4</subfield>
      <subfield code='v'>v.66:no.10-11(Nov.-Dec.1999)</subfield>
    </datafield>
    <datafield ind1='9' ind2='2' tag='999'>
      <subfield code='a'>c2784314</subfield>
      <subfield code='b'>trln</subfield>
      <subfield code='c'>0</subfield>
    </datafield>
    <datafield ind1='9' ind2='3' tag='999'>
      <subfield code='0'>c2784314</subfield>
      <subfield code='2'>852</subfield>
      <subfield code='3'>c</subfield>
      <subfield code='b'>555521</subfield>
      <subfield code='h'>BX5800</subfield>
      <subfield code='i'>.N4</subfield>
      <subfield code='x'>Earlier titles exist.</subfield>
    </datafield>
    <datafield ind1='9' ind2='3' tag='999'>
      <subfield code='0'>c2784314</subfield>
      <subfield code='2'>853</subfield>
      <subfield code='3'>y</subfield>
      <subfield code='8'>1</subfield>
      <subfield code='a'>v.</subfield>
      <subfield code='b'>no.</subfield>
      <subfield code='i'>(year)</subfield>
      <subfield code='j'>(month)</subfield>
    </datafield>
    <datafield ind1='9' ind2='3' tag='999'>
      <subfield code='0'>c2784314</subfield>
      <subfield code='2'>866</subfield>
      <subfield code='3'>h</subfield>
      <subfield code='8'>1</subfield>
      <subfield code='a'>v.44:no.2(Feb. 1977)-v.66:no.8(Sept. 1999), v.66:no.10(Nov. 1999)-v.66:no.11(Dec. 1999) </subfield>
    </datafield>
  </record>