
  <record>
    <leader>00000nam a2200337Ia 4500</leader>
    <controlfield tag='008'>120518s2012    pr            000 p spa d</controlfield>
    <controlfield tag='001'>793912600</controlfield>
    <controlfield tag='003'>OCoLC</controlfield>
    <controlfield tag='005'>20120606010530.0</controlfield>
    <datafield ind1=' ' ind2=' ' tag='020'>
      <subfield code='a'>9780984711611</subfield>
    </datafield>
    <datafield ind1=' ' ind2=' ' tag='020'>
      <subfield code='a'>0984711619</subfield>
    </datafield>
    <datafield ind1=' ' ind2=' ' tag='020'>
      <subfield code='a'>0983454531</subfield>
    </datafield>
    <datafield ind1=' ' ind2=' ' tag='020'>
      <subfield code='a'>9780983454533</subfield>
    </datafield>
    <datafield ind1=' ' ind2=' ' tag='035'>
      <subfield code='a'>(OCoLC)793912600</subfield>
    </datafield>
    <datafield ind1=' ' ind2=' ' tag='040'>
      <subfield code='a'>CGU</subfield>
      <subfield code='c'>CGU</subfield>
      <subfield code='d'>NOC</subfield>
    </datafield>
    <datafield ind1=' ' ind2=' ' tag='049'>
      <subfield code='a'>NOCC</subfield>
    </datafield>
    <datafield ind1='1' ind2=' ' tag='100'>
      <subfield code='a'>Jiménez Corretjer, Zoé,</subfield>
      <subfield code='d'>1963-</subfield>
    </datafield>
    <datafield ind1='1' ind2='3' tag='245'>
      <subfield code='a'>El cantar de la memoria :</subfield>
      <subfield code='b'>rapsodia /</subfield>
      <subfield code='c'>Zoé Jiménez Corretjer.</subfield>
    </datafield>
    <datafield ind1=' ' ind2=' ' tag='260'>
      <subfield code='a'>San Juan, P.R. :</subfield>
      <subfield code='b'>Casa de los Poetas,</subfield>
      <subfield code='c'>2012.</subfield>
    </datafield>
    <datafield ind1=' ' ind2=' ' tag='300'>
      <subfield code='a'>246 p. ;</subfield>
      <subfield code='c'>18 cm.</subfield>
    </datafield>
    <datafield ind1=' ' ind2=' ' tag='500'>
      <subfield code='a'>Poems.</subfield>
    </datafield>
    <datafield ind1=' ' ind2='0' tag='830'>
      <subfield code='a'>Colección del fauno.</subfield>
    </datafield>
    <datafield ind1=' ' ind2=' ' tag='907'>
      <subfield code='a'>b7086759</subfield>
    </datafield>
    <datafield ind1='9' ind2='1' tag='999'>
      <subfield code='i'>i9608179</subfield>
      <subfield code='l'>ddda</subfield>
      <subfield code='s'>-</subfield>
      <subfield code='t'>0</subfield>
      <subfield code='c'>1</subfield>
      <subfield code='o'>0</subfield>
      <subfield code='b'>00044442317</subfield>
      <subfield code='p'>090</subfield>
      <subfield code='q'>|aPQ7442.J56|bC35 2012</subfield>
    </datafield>
  </record>