
  <record>
    <leader>00000cam a22003851a 4500</leader>
    <controlfield tag='006'>m    |   d |</controlfield>
    <controlfield tag='008'>860108s1772    ctu     o    s000 0 eng d</controlfield>
    <controlfield tag='007'>cr mn mmmmabba</controlfield>
    <controlfield tag='001'>aas03009688</controlfield>
    <controlfield tag='005'>20021212170846.0</controlfield>
    <datafield ind1=' ' ind2=' ' tag='040'>
      <subfield code='a'>MWA</subfield>
      <subfield code='c'>MWA</subfield>
      <subfield code='e'>bdrb</subfield>
    </datafield>
    <datafield ind1='1' ind2=' ' tag='110'>
      <subfield code='a'>Connecticut.</subfield>
      <subfield code='b'>Governor (1769-1784 : Trumbull)</subfield>
    </datafield>
    <datafield ind1='0' ind2='0' tag='245'>
      <subfield code='a'>By the Honorable Jonathan Trumbull, Esquire; governor and commander in chief of the English colony of Connecticut, in New-England, in America. A proclamation.</subfield>
      <subfield code='h'>[electronic resource] :</subfield>
      <subfield code='b'>Whereas I have received His Majesty&apos;s royal instruction ... where the royal family is appointed to be particularly prayed for; the following form and order should be observed, viz. Our Gracious Queen Charlotte, His Royal Highness George Prince of Wales, and all the royal family ... Given under my hand, in the Council chamber in Hartford, the twenty-sixth day of May, 1772 ...</subfield>
    </datafield>
    <datafield ind1=' ' ind2=' ' tag='260'>
      <subfield code='a'>[Connecticut :</subfield>
      <subfield code='b'>s.n.,</subfield>
      <subfield code='c'>1772]</subfield>
    </datafield>
    <datafield ind1=' ' ind2=' ' tag='300'>
      <subfield code='a'>1 online resource (1 sheet ([1] p.))</subfield>
    </datafield>
    <datafield ind1=' ' ind2=' ' tag='500'>
      <subfield code='a'>Signed: Jonathan Trumbull. God save the King.</subfield>
    </datafield>
    <datafield ind1=' ' ind2=' ' tag='500'>
      <subfield code='a'>Bristol suggests New London as the place of publication, but this is not listed in H.A. Johnson&apos;s Checklist of New London, Connecticut, imprints.</subfield>
    </datafield>
    <datafield ind1='1' ind2=' ' tag='506'>
      <subfield code='a'>Access limited to UNC Chapel Hill-authenticated users.</subfield>
      <subfield code='f'>Unlimited simultaneous users</subfield>
    </datafield>
    <datafield ind1='4' ind2=' ' tag='510'>
      <subfield code='a'>Bristol</subfield>
      <subfield code='c'>B3440</subfield>
    </datafield>
    <datafield ind1='4' ind2=' ' tag='510'>
      <subfield code='a'>Shipton &amp; Mooney</subfield>
      <subfield code='c'>42329</subfield>
    </datafield>
    <datafield ind1=' ' ind2=' ' tag='588'>
      <subfield code='a'>Description based on microform record.</subfield>
    </datafield>
    <datafield ind1='0' ind2='0' tag='600'>
      <subfield code='a'>George</subfield>
      <subfield code='b'>III,</subfield>
      <subfield code='c'>King of Great Britain,</subfield>
      <subfield code='d'>1738-1820.</subfield>
    </datafield>
    <datafield ind1=' ' ind2='7' tag='655'>
      <subfield code='a'>Broadsides.</subfield>
      <subfield code='2'>rbgenr</subfield>
    </datafield>
    <datafield ind1='1' ind2=' ' tag='700'>
      <subfield code='a'>Trumbull, Jonathan,</subfield>
      <subfield code='d'>1710-1785.</subfield>
    </datafield>
    <datafield ind1='0' ind2=' ' tag='740'>
      <subfield code='a'>By the Honorable Jonathan Trumbull, Esquire; governor and commander in chief of the English colony of Connecticut ...</subfield>
    </datafield>
    <datafield ind1=' ' ind2=' ' tag='752'>
      <subfield code='a'>United States</subfield>
      <subfield code='b'>Connecticut.</subfield>
    </datafield>
    <datafield ind1='0' ind2=' ' tag='773'>
      <subfield code='t'>Early American imprints, series 1: Evans (online collection)</subfield>
    </datafield>
    <datafield ind1='4' ind2='0' tag='856'>
      <subfield code='y'>Full text available via the UNC-Chapel Hill Libraries</subfield>
      <subfield code='u'>http://libproxy.lib.unc.edu/login?url=http://opac.newsbank.com/select/evans/42329</subfield>
    </datafield>
    <datafield ind1=' ' ind2='1' tag='907'>
      <subfield code='a'>b6664108</subfield>
    </datafield>
  </record>
</collection>
